@article{leslie1998part,
  title={The part-time parliament},
  author={Leslie, L},
  journal={ACM Transactions on Computer Systems},
  volume={16},
  number={2},
  pages={133--169},
  year={1998}
}

@article{van2015paxos,
  title={Paxos made moderately complex},
  author={Van Renesse, Robbert and Altinbuken, Deniz},
  journal={ACM Computing Surveys (CSUR)},
  volume={47},
  number={3},
  pages={1--36},
  year={2015},
  publisher={ACM New York, NY, USA}
}

@article{lamport2001paxos,
  title={Paxos made simple},
  author={Lamport, Leslie},
  journal={ACM SIGACT News (Distributed Computing Column) 32, 4 (Whole Number 121, December 2001)},
  pages={51--58},
  year={2001}
}

@article{du2009multi,
  title={Multi-Paxos: An implementation and evaluation},
  author={Du, Hao and Hilaire, David J St},
  journal={Department of Computer Science and Engineering, University of Washington, Tech. Rep. UW-CSE-09-09-02},
  year={2009}
}

@article{fouto2022babel,
  title={Babel: A Framework for Developing Performant and Dependable Distributed Protocols},
  author={Fouto, Pedro and Costa, Pedro {\'A}kos and Pregui{\c{c}}a, Nuno and Leit{\~a}o, Jo{\~a}o},
  journal={arXiv preprint arXiv:2205.02106},
  year={2022}
}

@article{fischer1985impossibility,
  title={Impossibility of distributed consensus with one faulty process},
  author={Fischer, Michael J and Lynch, Nancy A and Paterson, Michael S},
  journal={Journal of the ACM (JACM)},
  volume={32},
  number={2},
  pages={374--382},
  year={1985},
  publisher={ACM New York, NY, USA}
}